<record><leader>00000cas a2200000 a 4500</leader><controlfield tag="001">13764572</controlfield><controlfield tag="008">860623d18651865vaudr ne      0    0eng  </controlfield><datafield ind1=" " ind2=" " tag="010"><subfield code="a">sn 86071652 </subfield></datafield><datafield ind1=" " ind2=" " tag="040"><subfield code="a">DLC</subfield><subfield code="b">eng</subfield><subfield code="c">DLC</subfield><subfield code="d">MQN</subfield><subfield code="d">MGN</subfield><subfield code="d">NVK</subfield><subfield code="d">NVF</subfield><subfield code="d">DLC</subfield><subfield code="d">NVK</subfield><subfield code="d">OCLCO</subfield><subfield code="d">OCLCQ</subfield><subfield code="d">OCLCF</subfield></datafield><datafield ind1="1" ind2=" " tag="029"><subfield code="a">AU@</subfield><subfield code="b">000020427850</subfield></datafield><datafield ind1=" " ind2=" " tag="042"><subfield code="a">pcc</subfield></datafield><datafield ind1=" " ind2=" " tag="043"><subfield code="a">n-us-va</subfield></datafield><datafield ind1="0" ind2="0" tag="050"><subfield code="a">Newspaper 10059</subfield></datafield><datafield ind1="0" ind2=" " tag="130"><subfield code="a">Daily Lynchburg Virginian (Lynchburg, Va. : 1865)</subfield></datafield><datafield ind1="1" ind2="4" tag="245"><subfield code="a">The daily Lynchburg Virginian.</subfield></datafield><datafield ind1="1" ind2="7" tag="246"><subfield code="a">Lynchburg Virginian</subfield></datafield><datafield ind1="1" ind2="7" tag="246"><subfield code="a">Daily Virginian</subfield></datafield><datafield ind1=" " ind2=" " tag="260"><subfield code="a">Lynchburg, Va. :</subfield><subfield code="b">Charles W. Button,</subfield><subfield code="c">1865.</subfield></datafield><datafield ind1=" " ind2=" " tag="300"><subfield code="a">v.</subfield></datafield><datafield ind1=" " ind2=" " tag="310"><subfield code="a">Daily (except Sunday)</subfield></datafield><datafield ind1="0" ind2=" " tag="362"><subfield code="a">May 16, 1865-June 18, 1865 ; v. 42, no. 277 (June 19, 1865)-v. 43, no. 26 (Aug. 31, 1865).</subfield></datafield><datafield ind1=" " ind2=" " tag="500"><subfield code="a">No triweekly or weekly issues published.</subfield></datafield><datafield ind1=" " ind2="0" tag="651"><subfield code="a">Lynchburg (Va.)</subfield><subfield code="v">Newspapers.</subfield></datafield><datafield ind1=" " ind2="7" tag="655"><subfield code="a">Newspapers.</subfield><subfield code="2">fast</subfield><subfield code="0">(OCoLC)fst01423814</subfield></datafield><datafield ind1=" " ind2="7" tag="651"><subfield code="a">Virginia</subfield><subfield code="z">Lynchburg.</subfield><subfield code="2">fast</subfield><subfield code="0">(OCoLC)fst01207740</subfield></datafield><datafield ind1=" " ind2=" " tag="752"><subfield code="a">United States</subfield><subfield code="b">Virginia</subfield><subfield code="d">Lynchburg.</subfield></datafield><datafield ind1="0" ind2="0" tag="780"><subfield code="t">Lynchburg Virginian (Lynchburg, Va. : 1863)</subfield><subfield code="w">(DLC)sn 86071651</subfield></datafield><datafield ind1="0" ind2="0" tag="785"><subfield code="t">Lynchburg daily Virginian (Lynchburg, Va. : 1865)</subfield><subfield code="w">(DLC)sn 84024647</subfield></datafield></record>